<record><leader>00000cas a22000007a 4500</leader><controlfield tag="001">15673509</controlfield><controlfield tag="008">870512d19061937txuwr ne      0    0eng d</controlfield><datafield ind1=" " ind2=" " tag="010"><subfield code="a">sn 87090210 </subfield></datafield><datafield ind1=" " ind2=" " tag="040"><subfield code="a">PPM</subfield><subfield code="b">eng</subfield><subfield code="c">PPM</subfield><subfield code="d">OCL</subfield><subfield code="d">OCLCQ</subfield></datafield><datafield ind1=" " ind2=" " tag="019"><subfield code="a">14118131</subfield></datafield><datafield ind1=" " ind2=" " tag="042"><subfield code="a">msc</subfield></datafield><datafield ind1="0" ind2="4" tag="245"><subfield code="a">The State week and Austin forum-advocate.</subfield></datafield><datafield ind1=" " ind2=" " tag="260"><subfield code="a">Austin, Tex. :</subfield><subfield code="b">Vann M. Kennedy</subfield></datafield><datafield ind1=" " ind2=" " tag="310"><subfield code="a">Weekly</subfield></datafield><datafield ind1="1" ind2=" " tag="362"><subfield code="a">Began in 1906.</subfield></datafield><datafield ind1="0" ind2=" " tag="362"><subfield code="a">-31st yr., no. 1 (Apr. 12, 1937).</subfield></datafield><datafield ind1=" " ind2=" " tag="500"><subfield code="a">"The Journal of Texas Affairs."</subfield></datafield><datafield ind1=" " ind2=" " tag="588"><subfield code="a">Description based on: Vol. 19, no. 36 (Dec. 6, 1934).</subfield></datafield><datafield ind1=" " ind2=" " tag="752"><subfield code="a">United States</subfield><subfield code="b">Texas</subfield><subfield code="c">Travis</subfield><subfield code="d">Austin.</subfield></datafield><datafield ind1="0" ind2="4" tag="780"><subfield code="t">Austin forum-advocate</subfield><subfield code="w">(OCoLC)13958847</subfield></datafield><datafield ind1="0" ind2="4" tag="785"><subfield code="t">State observer</subfield><subfield code="w">(OCoLC)13988134</subfield></datafield><datafield ind1="1" ind2=" " tag="029"><subfield code="a">AU@</subfield><subfield code="b">000025822356</subfield></datafield></record>